@misc{2020Torsion,
	publisher={University of Victoria},
	title={{Torsion Pendulum}},
	url={https://phys.libretexts.org/@go/page/6997},

	date={2020-12-30},
	year=2020,
	month=12,
	day=30,
}
@book{University,
   title =     {Sears and Zemansky's university physics},
   author =    {Young, Hugh D},
   publisher = {Pearson Addison-Wesley},
   year =      {2008},
   series =    {},
   edition =   {12th ed},
   volume =    {},
}
@book{Zangwill, place={Cambridge}, title={Modern electrodynamics}, publisher={Cambridge University Press}, author={Zangwill, Andrew}, year={2018}}

@book{Taylor, place={Sausalito, CA}, title={Classical mechanics}, publisher={University Science Books}, author={Taylor, John R.}, year={2005}}
