@book{lanczos, place={New York}, title={The variational principles of mechanics}, publisher={Dover Publications}, author={Lanczos, Cornelius}, year={2005}}

@book{kolenkow, place={Cambridge}, title={An introduction to mechanics}, publisher={Cambridge Univ. Press}, author={Kleppner, Daniel and Kolenkow, Robert J.}, year={2014}}
