@article{Max,
    author = "Pablo Gonzáles Espeso and Máximo Gómez Flórez",
    title = "{Introducción a los Procesos de la Medida}",
    url = {"https://studium.usal.es/mod/resource/view.php?id=225184"}
}
@book{Tipler,
    title =     {Physics for Scientists and Engineers}, 
   author =    {Paul A. Tipler, Gene Mosca},
   publisher = {W. H. Freeman},
   year =      {2007},
   series =    {},
   edition =   {6th},
   volume =    {}
}
@book{Griffiths,
    title =     {Introduction to Electrodynamics},
   author =    {David J. Griffiths},
   publisher = {Addison-Wesley},
   isbn =      {0321856562,9780321856562},
   year =      {2012},
   series =    {},
   edition =   {4th Edition},
   volume =    {}
}
@article{literatura, 
    title={A spectrophotometric atlas of galaxies}, 
    volume={79}, 
    DOI={10.1086/191653}, 
    journal={The Astrophysical Journal Supplement Series}, 
    author={Kennicutt, Robert C. Jr.}, 
    year={1992}, 
    pages={255}}

@article{hubble, title={The Velocity-Distance Relation among Extra-Galactic Nebulae}, volume={74}, DOI={10.1086/143323}, journal={The Astrophysical Journal}, author={Hubble, Edwin and Humason, Milton L.}, year={1931}, pages={43}}
