@article{Max,
    author = "Pablo Gonzáles Espeso and Máximo Gómez Flórez",
    title = "{Introducción a los Procesos de la Medida}",
    url = {"https://studium.usal.es/mod/resource/view.php?id=225184"}
}
@book{Tipler,
    title =     {Physics for Scientists and Engineers}, 
   author =    {Paul A. Tipler, Gene Mosca},
   publisher = {W. H. Freeman},
   year =      {2007},
   series =    {},
   edition =   {6th},
   volume =    {}
}
@book{Griffiths,
    title =     {Introduction to Electrodynamics},
   author =    {David J. Griffiths},
   publisher = {Addison-Wesley},
   isbn =      {0321856562,9780321856562},
   year =      {2012},
   series =    {},
   edition =   {4th Edition},
   volume =    {}
}
@article{IGN,
  title = {Medidas Gravimétricas en Madrid y en España},
  author = {Enrique Rodríguez Pujol},
  journal = {Instituto Geográfico Nacional},
  year ={2002}
}
