@book{pde,
   title =     {Partial Differential Equations for Scientists and Engineers},
   author =    {Stanley J. Farlow, Mathematics},
   publisher = {Dover Publications},
   year =      {1993},
   series =    {Dover Books on Mathematics},
   edition =   {Reprint},
   volume =    {},
}
 @book{griffiths, place={Upper Saddle River, NJ}, title={Introduction to electrodynamics}, publisher={Prentice Hall}, author={Griffiths, David J.}, year={1999}} 