@book{goldstein, place={Harlow}, title={Classical mechanics}, publisher={Pearson}, author={Goldstein, Herbert and Poole, Charles P. and Safko, John L.}, year={2014}}