@article{Max,
    author = "Pablo Gonzáles Espeso and Máximo Gómez Flórez",
    title = "{Introducción a los Procesos de la Medida}",
    url = {"https://studium.usal.es/mod/resource/view.php?id=225184"}
}
@book{Tipler,
    title =     {Physics for Scientists and Engineers}, 
   author =    {Paul A. Tipler, Gene Mosca},
   publisher = {W. H. Freeman},
   year =      {2007},
   series =    {},
   edition =   {6th},
   volume =    {}
}